<?xml version="1.0" encoding="UTF-8"?><record xmlns="http://www.loc.gov/MARC21/slim" xmlns:cinclude="http://apache.org/cocoon/include/1.0" xmlns:zs="http://www.loc.gov/zing/srw/">
  <leader>00726nz  a2200133n  4500</leader>
  <controlfield tag="001">no2008039188</controlfield>
  <controlfield tag="003">DLC</controlfield>
  <controlfield tag="005">20080314080813.0</controlfield>
  <controlfield tag="008">080311n| acannaabn          |n aaa     c</controlfield>
  <datafield tag="010" ind1=" " ind2=" ">
    <subfield code="a">no2008039188</subfield>
  </datafield>
  <datafield tag="035" ind1=" " ind2=" ">
    <subfield code="a">(OCoLC)oca07696584</subfield>
  </datafield>
  <datafield tag="040" ind1=" " ind2=" ">
    <subfield code="a">DCS</subfield>
    <subfield code="b">eng</subfield>
    <subfield code="c">DCS</subfield>
  </datafield>
  <datafield tag="100" ind1="1" ind2=" ">
    <subfield code="a">Prabhakar, Arati,</subfield>
    <subfield code="d">1959-</subfield>
  </datafield>
  <datafield tag="670" ind1=" " ind2=" ">
    <subfield code="a">U.S. Cong. Senate. Comm. on Commerce, Science, and Transportation. Nominations of D. James Baker, Douglas K. Hall, Kathryn D. Sullivan, Arati Prabhakar, and Clarence L. Irving ... hearing, 1994:</subfield>
    <subfield code="b">t.p. (Arati Prabhakar) p. 43 (Prabhakar, Arati, nominated to be Director, National Institute of Standards and Technology; b. February 2, 1959, New Delhi, India ... California Institute of Technology, Applied Physics, Ph.D., 1984)</subfield>
  </datafield>
</record>